

,-------------------.
|     PREAMBLE      |
`-------------------'

@preamble{ "\newcommand{\SortNoop}[1]{}"
}

,-------------------.
|  BIBTEX ENTRIES   |
`-------------------'

@book{Carroll1897,
  author =        {Carroll, Lewis},
  publisher =     {Henry Altemus Company},
  title =         {Through the looking glass},
  year =          {1897},
}

@article{greenhill2008austronesian,
  author =        {Greenhill, Simon J and Blust, Robert and
                   Gray, Russell D},
  journal =       {Evolutionary Bioinformatics},
  pages =         {EBO--S893},
  publisher =     {SAGE Publications Sage UK: London, England},
  title =         {The Austronesian basic vocabulary database: from    bioinformatics to lexomics},
  volume =        {4},
  year =          {2008},
}

@incollection{givon1979discourse,
  author =        {Giv{\'o}n, Talmy},
  booktitle =     {Discourse and syntax},
  pages =         {81--112},
  publisher =     {Brill},
  title =         {From discourse to syntax: grammar as a processing
                   strategy},
  year =          {1979},
}

@article{mosel2007ditransitivity,
  author =        {Mosel, Ulrike},
  journal =       {Tidsskrift for sprogforskning},
  number =        {1},
  pages =         {1--40},
  title =         {Ditransitivity and valency change in Teop--a corpus
                   based approach},
  volume =        {5},
  year =          {2007},
}

@article{rose2011third,
  author =        {Rose, Fran{\c{c}}oise},
  journal =       {International Journal of American Linguistics},
  number =        {4},
  pages =         {469--494},
  publisher =     {University of Chicago Press Chicago, IL},
  title =         {Who is the third person? Fluid transitivity in
                   Moje{\~n}o Trinitario},
  volume =        {77},
  year =          {2011},
}

@book{windfuhr2009iranian,
  author =        {Windfuhr, Gernot},
  publisher =     {Psychology Press},
  title =         {The {I}ranian Languages},
  year =          {2009},
}

@incollection{vydrin2018mande,
  author =        {Vydrin, Valentin},
  booktitle =     {Oxford Research Encyclopedia of Linguistics},
  title =         {Mande languages},
  year =          {2018},
}

@incollection{arcodia2020morphology,
  author =        {Arcodia, Giorgio Francesco and Basciano, Bianca},
  booktitle =     {Oxford Research Encyclopedia of Linguistics},
  title =         {Morphology in Sino-Tibetan Languages},
  year =          {2020},
}

@book{Forker2020,
  author =        {Forker, Diana},
  publisher =     {Language Science Press},
  title =         {A grammar of {Sanzhi Dargwa}},
  year =          {2020},
}

@article{rankin2003synchronic,
  author =        {Rankin, Robert L and Boyle, John and
                   Graczyk, Randolph and Koontz, John E},
  journal =       {Word: A cross-linguistic typology},
  pages =         {180--204},
  title =         {Synchronic and diachronic perspective on `word'in
                   Siouan},
  year =          {2003},
}

